<record><leader>00000cas a22000007a 4500</leader><controlfield tag="001">10325108</controlfield><controlfield tag="008">840121d18491876pauwr ne      0    0eng d</controlfield><datafield ind1=" " ind2=" " tag="010"><subfield code="a">sn 84026112 </subfield></datafield><datafield ind1=" " ind2=" " tag="040"><subfield code="a">NPU</subfield><subfield code="b">eng</subfield><subfield code="c">NPU</subfield><subfield code="d">NPX</subfield><subfield code="d">NPH</subfield><subfield code="d">OCLCQ</subfield></datafield><datafield ind1=" " ind2=" " tag="042"><subfield code="a">msc</subfield></datafield><datafield ind1="0" ind2=" " tag="130"><subfield code="a">Montrose Democrat (Montrose, Pa. : 1849)</subfield></datafield><datafield ind1="1" ind2="4" tag="245"><subfield code="a">The Montrose Democrat.</subfield></datafield><datafield ind1="3" ind2="0" tag="246"><subfield code="a">Democrat</subfield></datafield><datafield ind1=" " ind2=" " tag="260"><subfield code="a">Montrose, Pa. :</subfield><subfield code="b">O.G. Hempstead,</subfield><subfield code="c">1849-1876.</subfield></datafield><datafield ind1=" " ind2=" " tag="300"><subfield code="a">27 v. ;</subfield><subfield code="c">61-69 cm.</subfield></datafield><datafield ind1=" " ind2=" " tag="310"><subfield code="a">Weekly</subfield></datafield><datafield ind1="0" ind2=" " tag="362"><subfield code="a">Vol. 6, no. 1 (Jan. 4, 1849)-v. 33, no. 1 (Jan. 5, 1876).</subfield></datafield><datafield ind1=" " ind2=" " tag="500"><subfield code="a">Publishers: Simeon B. &amp; Ezra B. Chase, &lt;1851-1852&gt;; E.B. Hawley &amp; Co., &lt;1873&gt;.</subfield></datafield><datafield ind1=" " ind2=" " tag="500"><subfield code="a">Editors: Simeon B. Chase, &lt;1852&gt;; Ezra B. Chase, &lt;1852&gt;.</subfield></datafield><datafield ind1=" " ind2=" " tag="752"><subfield code="a">United States</subfield><subfield code="b">Pennsylvania</subfield><subfield code="c">Susquehanna</subfield><subfield code="d">Montrose.</subfield></datafield><datafield ind1="0" ind2="0" tag="780"><subfield code="t">Northern democrat (Montrose, Pa.)</subfield><subfield code="w">(DLC)sn 87080501</subfield></datafield><datafield ind1="0" ind2="0" tag="785"><subfield code="t">Democrat (Montrose, Pa.)</subfield><subfield code="w">(DLC)sn 86053745</subfield></datafield><datafield ind1="1" ind2=" " tag="029"><subfield code="a">AU@</subfield><subfield code="b">000025840409</subfield></datafield></record>